This file was created with JabRef 2.2.
Encoding: MacRoman

@ARTICLE{Rec1,
  title = {Spatial Data Mining and Geographic Knowledge Discovery- An Introduction},
  journal = {Computers, Environmental and Urban Systems},
  year = {2009},
  author = {Diansheng Huo and Jeremy Mennis},
}

@ARTICLE{Rec2,
  title = {Spatial Clustering Method in Data Mining: A Survey},
  author = {Jiawei Han, Micheline Kamber, and Anthony K.H. Tung},
  pages = {1--29}
}

@ARTICLE{Rec3,
  title = {CLARANS: A Method for Clustering Objects for Spatial Data Mining},
  author = {Jiawei Han, Micheline Kamber, and Anthony K.H. Tung},
  publisher = {IEEE Transactions on Knowledge and Data Engineering},
  year = {2002},
  pages = {1--27}
}

@ARTICLE{Rec4,
  title = {Spatial Cluster Analysis},
  author = {Geoffery M. Jacquez},
  journal = {The Handbook of Geographic Information Science},
  publisher = {Blackwell Publishing},
  year = {2008},
  pages = {395--416}
}

@ARTICLE{Rec5,
  title = {Review of Spatial Clustering Methods},
  author = {Neeth C V and Subu Surendran},
  journal = {International Journal of Information Technology Infastructure},
  volume = {2},
  year = {2013},
  pages = {15--24}
}

@ARTICLE{Rec6,
  title = {Efficient and Effective Clustering Methods for Spatial Data Mining},
  publisher = {Morgan Kaufmann Publishers Inc.},
  author = {Raymong T. Ng and Jiawei Han},
  year = {2000},
  address = {San Francisco, CA},
  isbn = {1-55860-153-8},
  pages = {144--155}
}

@MISC{Rec7,
  author = {Datanovia},
  title = {Determining the Optimal Number of Clusters: 3 Must Know Methods},
  url = {https://www.datanovia.com/en/lessons/determining-the-optimal-number-of-clusters-3-must-know-methods/}
}

@MISC{Rec8,
  title = {Partitioning Cluster Analysis: Quick Start Guide- Unsupervised Machine Learning},
  url = {http://www.sthda.com/english/wiki/print.php?id=236}
}

@ARTICLE{Rec9,
  author = {UMASS Boston},
  title = {The PAM Clustering Algorithm},
  url = {https://www.cs.umb.edu/cs738/pam1.pdf}
}

@MISC{Rec10,
  title = {Spatial Data Mining I: Essentials of Cluster Analysis},
  author = {Lauren Bennett, Jenora D'Acosta, and Flora Vale},
  url = {https://www.youtube.com/watch?v=qQNOlfOYtyw},
  year = {2017}
}

@MISC{Rec11,
  title = {Mining of Massive Datasets: Clustering, Hierarchical Clustering},
  author = {Leskovec, Rajaramen and Ullman},
  url = {https://www.youtube.com/watch?v=rg2cjfMsCk4},
  year = {2016}
}

@MISC{Rec12,
  title = {Partitioning Based Clustering- The K-Medoids Clustering Method},
  url = {https://www.youtube.com/watch?v=GApaAnGx3Fw},
  author = {Omar Sobh},
  year= {2015}
}

@MISC{Rec13,
  title = {Clustering Analysis in Data Mining},
  url = {https://www.coursera.org/lecture/cluster-analysis/3-4-the-k-medoids-clustering-method-nJ0Sb},
  author = {Jaiwei Han}
}

@MISC{data,
  url = {https://datausa.io/map/?level=county&key=diabetes},
  author = {DataUSA}
}

@MISC{ppt,
  title = {Introduction to Clustering Powerpoint},
  author = {Professor Amy Wagaman},
  year = {2019}
}